<?xml version="1.0" encoding="UTF-8"?>
<collection xmlns:xsi="http://www.w3.org/2001/XMLSchema-instance" xsi:schemaLocation="http://www.loc.gov/MARC21/slim http://www.loc.gov/standards/marcxml/schema/MARC21slim.xsd" xmlns="http://www.loc.gov/MARC21/slim">
<record>
  <leader>01483cam a2200337Mi 4500</leader>
  <controlfield tag="001">3063580</controlfield>
  <controlfield tag="003">NNC</controlfield>
  <controlfield tag="005">20100113140336.0</controlfield>
  <controlfield tag="008">870401s1946    ua       b    001 0 ara d</controlfield>
  <datafield tag="035" ind1=" " ind2=" ">
    <subfield code="a">(OCoLC)ocm16840473</subfield>
  </datafield>
  <datafield tag="035" ind1=" " ind2=" ">
    <subfield code="9">ATN5388CU</subfield>
  </datafield>
  <datafield tag="035" ind1=" " ind2=" ">
    <subfield code="a">(NNC)3063580</subfield>
  </datafield>
  <datafield tag="040" ind1=" " ind2=" ">
    <subfield code="a">NYP</subfield>
    <subfield code="c">NYP</subfield>
    <subfield code="d">OCL</subfield>
    <subfield code="d">ZCU</subfield>
  </datafield>
  <datafield tag="041" ind1="1" ind2=" ">
    <subfield code="a">ara</subfield>
    <subfield code="h">ger</subfield>
  </datafield>
  <datafield tag="099" ind1=" " ind2=" ">
    <subfield code="a">893.7991</subfield>
    <subfield code="a">P65</subfield>
  </datafield>
  <datafield tag="100" ind1="1" ind2=" ">
    <subfield code="a">Pines, Shlomo,</subfield>
    <subfield code="d">1908-1990.</subfield>
  </datafield>
  <datafield tag="240" ind1="1" ind2="0">
    <subfield code="a">Beiträge zur islamischen Atomenlehre.</subfield>
    <subfield code="l">Arabic</subfield>
  </datafield>
  <datafield tag="245" ind1="1" ind2="0">
    <subfield code="a">Madhhab al-dhurrah ʻinda al-Muslimīn ;</subfield>
    <subfield code="b">wa-ʻalaqātuhu bi-madhāhib al-Yūnān wa-al-Hunūd, wa-maʻahu falsafat Muḥammad ibn Zakarīyā al-Rāzī /</subfield>
    <subfield code="c">taʾlif s. Pīnīs. Naqalahu can al-Almānīyah Muḥammad ʻAbd al-Hādī Abū Rīdah.</subfield>
  </datafield>
  <datafield tag="260" ind1=" " ind2=" ">
    <subfield code="a">al-Qāhirah :</subfield>
    <subfield code="b">Maktabat al-Nahḍah al-Miṣrīyah,</subfield>
    <subfield code="c">1946.</subfield>
  </datafield>
  <datafield tag="300" ind1=" " ind2=" ">
    <subfield code="a">172 p. ;</subfield>
    <subfield code="c">24 cm.</subfield>
  </datafield>
  <datafield tag="500" ind1=" " ind2=" ">
    <subfield code="a">In Arabic.</subfield>
  </datafield>
  <datafield tag="500" ind1=" " ind2=" ">
    <subfield code="a">Translated from the German: Beiträge zur islamishen Atomenlehre.</subfield>
  </datafield>
  <datafield tag="500" ind1=" " ind2=" ">
    <subfield code="a">Appendix: Madhhab al-jawhar al-fard ʻinda al-mutakallimīn al-awwālīn fī al-Islām / Otto Prezl.</subfield>
  </datafield>
  <datafield tag="504" ind1=" " ind2=" ">
    <subfield code="a">Bibliography: p.[163]-[165]</subfield>
  </datafield>
  <datafield tag="500" ind1=" " ind2=" ">
    <subfield code="a">Includes indexes.</subfield>
  </datafield>
  <datafield tag="650" ind1=" " ind2="0">
    <subfield code="a">Atomism</subfield>
    <subfield code="x">History.</subfield>
  </datafield>
  <datafield tag="650" ind1=" " ind2="0">
    <subfield code="a">Islamic philosophy.</subfield>
  </datafield>
  <datafield tag="600" ind1="1" ind2="0">
    <subfield code="a">Rāzī, Abū Bakr Muḥammad ibn Zakarīyā,</subfield>
    <subfield code="d">865?-925?</subfield>
  </datafield>
  <datafield tag="700" ind1="1" ind2="2">
    <subfield code="a">Pretzl, O.</subfield>
    <subfield code="q">(Otto).</subfield>
    <subfield code="t">Madhhab al-jawhar al-fard ʻinda al-mutakallimīn al-awwalīn fī al-Islām.</subfield>
  </datafield>
  <datafield tag="700" ind1="1" ind2=" ">
    <subfield code="a">Abū Rīdah, Muḥammad ʻAbd al-Hādī.</subfield>
  </datafield>
  <datafield tag="955" ind1=" " ind2=" ">
    <subfield code="b">CU58848770</subfield>
    <subfield code="d">off,glx</subfield>
    <subfield code="e">893.7991 P65</subfield>
  </datafield>
</record>
</collection>